@article{BESIII,
  author={Yan Liang and others},
  title={Lagrange multiplier method used in BESIII kinematic fitting},
  journal={Chin. Phys. C},
  volume={34},
  number={2},
  pages={204},
  url={http://stacks.iop.org/1674-1137/34/i=2/a=009},
  year={2010},
  abstract={In this paper, the kinematic fitting with the Lagrange multiplier method has been studied for BESIII experiment. First we introduce the Lagrange multiplier method and implement kinematic constraints. Then we present the performance of the kinematic fitting algorithm. With the kinematic fitting, we can improve the resolution of track parameters and reduce the background.}
}

@techreport{CLAS,
  title={Determining momentum and energy corrections for g1c using kinematic fitting},
  author={Williams, Mike and Applegate, Doug and Meyer, Curtis A},
  type={CLAS note},
  number={17},
  institution={CLAS},
  pages={2004},
  year={2004}
}

@techreport{CMS,
      author        = "D'Hondt, Jorgen and others",
      title         = "{Fitting of Event Topologies with External Kinematic
                       Constraints in CMS}",
      institution   = "CERN",
      address       = "Geneva",
      type          = "CMS note",
      number        = "2006-023",
      month         = "Jan",
      year          = "2006",
      reportNumber  = "CMS-NOTE-2006-023",
}

@article{b1,
  title={Kinematical analysis of interaction vertices from bubble chamber data},
  author={Berge, J Peter and Solmitz, Frank T and Taft, Horace D},
  journal={Rev. Sci. Instrum.},
  volume={32},
  number={5},
  pages={538--548},
  year={1961},
  publisher={AIP}
}

@article{anke,
  title={ANKE, a new facility for medium energy hadron physics at COSY-J{\"u}lich},
  author={Barsov, S and others},
  journal={Nucl. Instrum. Methods Phys. Res. A},
  volume={462},
  number={3},
  pages={364--381},
  year={2001},
  publisher={Elsevier}
}

@techreport{b2,
  title={Application of a generalized method of least squares for kinematical analysis of tracks in bubble chambers},
  author={Bock, Rudolf K},
  year={1960},
  institution={Cern}
}

@book{b3,
  title={Mathematical handbook for scientists and engineers: definitions, theorems, and formulas for reference and review},
  author={Korn, Granino Arthur and Korn, Theresa M},
  year={2000},
  publisher={Courier Corporation}
}

@article{b4,
  title={Kinematic fitting algorithms and lessons learned from KWFIT},
  author={Avery, Paul},
  journal={Comput. Phys. Commun.},
  volume={140},
  pages={135},
  year={2001}
}

@article{b6,
  title={New method for minimizing regular functions with constraints on parameter region},
  author={Kurbatov, V S and Silin, I N},
  journal={Nucl. Instrum. Methods Phys. Res. A},
  volume={345},
  number={2},
  pages={346--350},
  year={1994},
  publisher={Elsevier}
}

@article{b7,
  title={Evidence for excitation of two resonance states in the isovector two-baryon system with a mass of 2.2 GeV/c 2},
  author={Komarov, V and Tsirkov, D and Azaryan, T and Bagdasarian, Z and Dymov, S and Gebel, R and Gou, B and Kacharava, A and Khoukaz, A and Kulikov, A and others},
  journal={Physical Review C},
  volume={93},
  number={6},
  pages={065206},
  year={2016},
  publisher={APS}
}

@TECHREPORT{b5,
  author       = {V. V. Moroz},
  institution  = {JINR},
  year         = {1965},
  type         = {JINR communications},
  number       = {R\symbol{45}1958},
  address      = {Dubna},
  numpages     = {10},
}

@TECHREPORT{fum_1st,
  author       = {S. N. Sokolov and I. N. Silin},
  institution  = {JINR},
  year         = {1965},
  type         = {JINR prepint},
  number       = {D\symbol{45}810},
  address      = {Dubna},
}

@misc{fum_prog,
  howpublished={CERN Program Library, D510, FUMILI},
}
